@booklet{kademlia,
    author          = "Petar Maymounkov and David Mazieres",
    title           = "{Kademlia: A Peer-to-peer information system based on the XOR Metric}",
    year            = "2002",
    howpublished    = "\url{https://pdos.csail.mit.edu/~petar/papers/maymounkov-kademlia-lncs.pdf}",
}

@booklet{discv5,
    author          = "Felix Lange",
    title           = "{Node Discovery Protocol v5 - Theory}",
    year            = "2019",
    month           = "October",
    howpublished    = "\url{https://github.com/ethereum/devp2p/blob/master/discv5/discv5-theory.md}",
}

